% @book{b:pendel,
%   author = {Donald E. Knuth},
%   year = {1986},
%   title = {The {\TeX} Book},
%   publisher = {Addison-Wesley Professional},
% }

@online{w:pohl,
    title        = {Pohlsches Rad},
    author       = {Wikipedia},
    year         = 2022,
    url          = {https://de.wikipedia.org/wiki/Pohlsches_Rad},
    urldate      = {2023-12-17}
}

@online{w:pohl_drehpendel,
    title        = {Freie und erzwungene Schwingungen eines Drehpendels (Pohl'sches Rad)},
    author       = {uni-goettingen},
    year         = 2014,
    url          = {http://www.lp.uni-goettingen.de/get/text/1237},
    urldate      = {2023-12-18}
}

@online{w:traegheit,
    title        = {Tr√§gheitsmoment},
    author       = {Wikipedia},
    year         = 2023,
    url          = {https://de.wikipedia.org/wiki/Tr%C3%A4gheitsmoment},
    urldate      = {2023-12-17}
}